% This file was created with JabRef 2.8.1.
% Encoding: UTF8



@BOOK{ACISSI,
  title = {Sécurité informatique - Ethical Hacking},
  publisher = {ENI Editions},
  year = {2015},
  author = {ACISSI}
}

@BOOK{Avoine,
	title = {Sécurité informatique 2ème édition},
	publisher = {Vuibert},
	year = {2010},
	author = {Gildas Avoine, Pascal Junod, Philippe Oechslin}
}




